@book{G-T,
  author    = {Gilbarg, David and Trudinger, Neil S.},
  title     = {Elliptic partial differential equations of second order},
  series    = {Classics in Mathematics},
  note      = {Reprint of the 1998 edition},
  publisher = {Springer-Verlag, Berlin},
  year      = {2001},
  pages     = {xiv+517},
  isbn      = {3-540-41160-7},
  mrclass   = {35-02 (35Jxx)},
  mrnumber  = {1814364}
}